@book{angrist2009mostly,
  title={Mostly Harmless Wconometrics: An Wmpiricist's Companion},
  author={Angrist, Joshua D and Pischke, J{\"o}rn-Steffen},
  year={2009},
  publisher={Princeton University Press}
}